%% This BibTeX bibliography file was created using BibDesk.
%% http://bibdesk.sourceforge.net/


%% Created for Narota, Amninder Singh at 2014-05-02 04:47:00 pm -0400


%% Saved with string encoding Unicode (UTF-8)



@book{Fettig:2005:TNP:1205685,
author = {Fettig, Abe},
title = {Twisted Network Programming Essentials},
year = {2005},
isbn = {0596100329},
publisher = {O'Reilly Media, Inc.},
}
